2680 3633
228 365 313 412 Sat,
340 363 764 422 n,s,164-1⁶s:
1053 396 1059 406 x
1574 392 1578 397 ·
1642 394 1646 397 ,
1735 394 1739 399 -
1879 397 1881 399 »
2044 400 2045 403 ¹

566 441 683 486 Noa
712 444 799 486 est
824 440 1080 498 periurus
1108 448 1282 497 neque
1300 389 1591 485 sordidas-2
1605 394 1854 503 inmolet
1879 431 2068 506 aequis

567 517 660 564 llic
681 528 930 574 porcu-
938 515 1180 563 Laribus.
1236 527 1418 563 veram
1443 508 1765 563 ambitiosus
1791 514 1852 562 ‘et
1875 517 2115 598 sulm

561 593 797 652 Naviget
821 591 1144 654 Anticyram
1171 613 1241 630 .—-·
1906 608 1910 611 ·

228 685 280 729 de
310 684 576 739 sacerdotio,
605 683 849 742 amplissimo
877 684 1070 728 virtutum
1094 695 1293 741 praeno,
1323 697 1362 727 v.
1391 684 1517 728 Tacit.
1546 684 1597 729 Η.
1627 684 1666 739 1,
1696 683 1774 729 77.
1805 653 1942 730 inho
1968 683 2344 744 pontificatus
2360 697 2452 739 ιιι-

223 763 554 819 -guratusque
596 758 889 803 honoratis
931 759 1030 801 iam
1074 758 1302 803 senibus
1348 756 1417 816 (h.
1462 771 1502 802 e.
1544 758 1627 802 lato
1672 758 1791 803 clavo
1835 764 1892 804 et
1914 755 2233 816 maantam
2271 752 2482 822 Μ),
2531 796 2535 800 ⁴

227 835 485 879 cumulum
527 833 815 891 dignitatis
857 833 1070 877 addidit
1111 839 1200 877 aut
1239 844 1438 878 recens
1476 834 1537 877 ab
1574 835 1765 879 exsilio
1794 843 2060 880 reversos
2087 837 2303 880 nobiles
2332 838 2452 882 adu-

225 910 568 964 {escentnlos
612 910 772 953 avitis
816 921 872 951 ac
914 908 1158 963 paternis
1211 909 1544 954 sacerdotiis
1596 909 1644 952 in
1695 909 1948 954 solatium
1988 910 2225 955 recoluit
2253 935 2329 946 —·
2399 912 2451 956 de

228 985 458 1030 deterrimis
511 983 741 1028 mortalium
792 983 907 1028 malis
952 984 1204 1041 temporibus
1257 984 1337 1028 hac
1389 984 1580 1043 dignitate
1634 985 1764 1028 auctis
1809 998 1852 1029 v.
1889 984 1987 1029 ibid.
2030 984 2074 1039 1,
2126 985 2175 1028 2:
2221 974 2321 1031 nec
2363 988 2451 1030 mi-

225 1074 323 1106 nus
372 1061 605 1119 praemia
661 1060 961 1105 delatorum
1004 1059 1172 1104 invisa
1225 1072 1371 1118 quam
1423 1061 1661 1113 scelera,
1729 1073 1836 1106 cam
1885 1061 1979 1106 alii
2035 1062 2355 1107 sacerdotia
2400 1068 2451 1105 et

226 1137 550 1183 consulatus
578 1141 631 1180 ut
668 1135 846 1195 spolia
886 1135 1084 1194 adepti,
1122 1137 1536 1193 procurationes
1575 1137 1675 1181 alii
1713 1141 1764 1181 et
1799 1126 2118 1188 interiorem
2156 1140 2452 1195 potentiam

227 1217 454 1270 agerent
481 1216 768 1256 verterent
796 1216 988 1255 cuncta
1018 1212 1144 1256 odio
1174 1216 1223 1254 et
1261 1215 1488 1256 terrore.
1559 1213 1659 1257 ibid.
1687 1213 1763 1268 w,
1791 1213 1870 1259 422
1898 1207 2131 1258 libidine
2171 1216 2450 1272 sanguinis

228 1293 281 1332 et
309 1288 455 1332 hiatu
484 1288 843 1344 praemi-orum
872 1287 1112 1344 ignotum
1142 1286 1310 1331 adhuc
1346 1288 1616 1344 ingenium
1644 1293 1700 1332 et
1727 1289 1895 1334 nullis
1919 1274 2327 1334 defensionibus
2357 1303 2448 1334 ex-

228 1368 440 1421 pertum
469 1362 636 1414 caede
666 1362 838 1405 nobili
867 1363 1125 1416 imbuisti,
1154 1375 1260 1405 cum
1292 1375 1356 1405 ex
1383 1363 1572 1406 funere
1608 1365 1689 1406 rei
1726 1364 1974 1421 publicae
2002 1366 2175 1421 raptis
2204 1365 2449 1407 consula-

225 1440 373 1482 ribus
424 1439 644 1495 spoliis,
695 1439 1054 1495 septuagiens
1103 1439 1359 1481 sestertio
1412 1440 1690 1495 saginatus
1744 1445 1796 1482 et
1850 1440 2164 1482 sacerdotio
2207 1440 2447 1497 fulgens,

225 1515 481 1559 innoxios
519 1525 743 1571 pueros.
786 1514 1035 1558 illustres
1074 1525 1253 1567 senes,
1297 1515 1619 1570 conspicuas
1664 1514 1885 1558 feminas
1926 1516 2104 1558 eadem
2144 1517 2297 1558 ruina
2327 1528 2448 1572 pro-

227 1594 529 1635 sternere&

258 1983 356 2029 Ibid.
385 1982 609 2026 97—101:
1266 1981 1396 2025 Dein
1424 1980 1634 2034 Gnatia,
1663 1981 1906 2037 Lymphis

642 2059 806 2103 lratis
836 2063 1138 2109 exstructa,
1164 2058 1311 2101 dedit
1338 2058 1592 2113 risusque
1621 2058 1896 2113 iocosque,

641 2136 761 2178 Dum
790 2135 1000 2177 flamma
1030 2136 1146 2176 sine
1175 2139 1289 2176 tura
1317 2134 1633 2188 liquescere
1663 2133 1847 2176 limine
1876 2145 2031 2175 sacro

641 2210 970 2254 Persuadere
1001 2210 1162 2265 cupit.
1221 2208 1413 2252 Credat
1441 2208 1675 2252 judaeus
1704 2208 1916 2263 Apella,

643 2286 755 2328 Non
783 2297 903 2341 ego:
943 2297 1167 2339 namque
1199 2284 1333 2328 deos
1362 2283 1530 2329 didici
1560 2295 1802 2327 securum
1831 2295 1995 2338 agere
2027 2295 2229 2335 aevum,

644 2360 773 2414 Nec,
799 2360 1013 2416 ‘siquid
1043 2360 1160 2403 miri
1190 2358 1359 2403 faciat
1387 2363 1598 2412 natura,
1638 2357 1771 2401 d-eos
1799 2357 1848 2401 id

643 2437 846 2480 Tristes
877 2449 939 2479 ex
980 2435 1091 2478 alto
1122 2435 1266 2478 caeli
1298 2434 1590 2477 demittere
1619 2438 1786 2476 tecto.

363 2549 634 2606 Lympharum
672 2548 778 2590 iram
818 2545 869 2589 ad
899 2558 1042 2602 aquam
1070 2546 1290 2601 fontesque
1328 2545 1412 2587 loci
1439 2544 1676 2587 trahendam
1705 2556 1910 2587 consensu
1940 2543 2088 2588 dicunt,
2149 2548 2189 2585 at
2218 2546 2252 2586 si
2281 2545 2446 2600 quaesi-

216 2627 356 2679 ⁴veris,
383 2625 497 2682 quod
526 2624 693 2668 tandem
721 2624 859 2666 vitium
889 2635 1021 2679 aquae
1050 2622 1274 2673 obiciatur,
1319 2620 1425 2677 apud
1466 2622 1709 2676 scriptorem
1751 2619 1871 2663 altum
1909 2619 2132 2663 silentium:
2179 2619 2284 2675 apud
2323 2620 2447 2663 scho-

223 2705 385 2756 liastae,
409 2704 531 2746 istius
560 2701 904 2757 interpretationis
934 2700 1062 2743 duces
1092 2703 1135 2742 et
1163 2703 1374 2751 auctores,
1414 2697 1536 2741 multa
1565 2702 1607 2741 et
1634 2697 1759 2741 varia.
1818 2697 1974 2740 scilicet
2002 2696 2139 2741 Schol.
2170 2695 2314 2751 Cruq.:
2359 2696 2447 2739 vel

223 2782 344 2835 quia
383 2784 514 2834 eget
551 2779 725 2832 aquis,
768 2777 857 2820 vel
898 2776 1038 2832 quod
1084 2788 1177 2819 eas
1215 2774 1391 2819 salsas
1419 2773 1661 2818 habetet
1691 2786 1919 2826 amaras,
1949 2773 2033 2816 vel
2063 2771 2202 2827 quod
2231 2773 2280 2815 in
2311 2772 2446 2828 pede

218 2857 420 2899 amomis
445 2856 556 2897 sita
582 2858 683 2905 est3
714 2854 764 2896 ei
793 2852 1001 2895 idcirco
1032 2850 1285 2895 videntur
1314 2863 1479 2906 aquae
1509 2850 1691 2902 irasci,
1722 2862 1832 2892 cum
1862 2853 2138 2893 torrentes
2163 2847 2224 2891 de
2256 2849 2446 2892 monti-

217 2934 319 2975 bus
341 2933 543 2985 „impetn
564 2941 758 2984 magno
785 2927 1146 2972 decurrentes
1187 2938 1347 2983 saepe
1390 2938 1609 2983 magnas
1645 2926 1797 2969 urbis
1827 2928 2012 2982 partes
2040 2924 2280 2969 diruunt.
2342 2937 2446 2980 quae
