2680 3633
1330 163 1360 210 4
1399 160 1402 163 ,

222 298 376 348 tamen,
404 295 450 339 nt
478 294 669 352 antiquus
696 292 768 339 iiie
796 292 896 339 Ceto
924 292 988 350 (v.
1005 293 1156 341 Senec.
1184 306 1252 352 ep
1272 291 1354 341 87:
1383 294 1454 342 Ι.
1470 294 1617 344 cato
1629 294 1932 348 censorius
1947 290 2195 367 'canterio‘
2219 291 2455 352 veleta-

221 374 304 414 tnr
339 373 389 414 et
423 369 744 428 hippoperis
772 368 971 428 quiden
1000 370 1220 428 positis.
1263 375 1315 415 ut
1355 383 1535 418 secun
1548 367 1732 419 'utilia
1771 368 2081 436 perui-etl),
2119 356 2238 427 nulia
2267 365 2453 426 casu-atis

218 445 496 499 vehebantur,
541 451 583 490 et
626 447 813 502 quanvis
848 458 931 491 non
972 448 1927 506 quamam-obmittamus,
1968 443 2475 513 mandaturque-

203 521 470 579 „pedisequus
499 521 550 564 ad
579 521 784 578 parandos
812 523 1076 567 necessarios
1105 535 1202 568 usus
1232 536 1256 566 a
1294 528 1418 581 tergo
1447 524 1706 581 sequebatur.
1765 526 1872 570 hunc
1911 537 2029 572 suun
2065 539 2223 573 neren
2249 532 2342 588 ipae
2372 530 2449 576 de-

219 599 362 643 scribit
389 599 473 644 sat.
501 598 540 651 1,
570 599 621 652 6,
654 597 905 655 ψει-106.

1195 692 1343 737 Nune
1370 693 1496 737 mihi
1523 700 1680 739 curto

638 770 719 812 lre
749 769 879 813 licet
908 770 1044 813 mulo
1074 770 1158 813 vei
1186 770 1232 813 si
1258 769 1392 813 libet
1418 783 1584 826 usque
1615 772 1955 830 *l'arentnrns¹

636 846 857 889 Bautica
887 848 974 889 cui
1002 846 1208 889 lumbos
1238 857 1399 888 onere
1429 846 1637 889 ulceret
1667 851 1823 903 atque
1852 860 2015 913 eques
2045 861 2227 899 armos.
2258 872 2329 895 —.

217 940 300 983 vel
328 952 500 998 nsque
530 939 807 984 Tarentum
840 939 961 992 dicit,
992 943 1135 996 aperte
1166 939 1247 981 hoc
1277 939 1542 999 longinquum
1572 940 1651 1004 iter
1665 938 1950 984 Brundisinum
1967 942 2215 1009 respiciens3
2246 948 2444 987 curtum

218 1021 351 1059 autem
381 1015 565 1058 muium
596 1027 691 1058 esse
722 1020 1015 1059 castratum
1046 1014 1223 1057 ostendit
1255 1015 1422 1058 imitatio
1452 1028 1600 1060 versus
1629 1015 1849 1073 Luciliani:

355 1107 586 1152 Mantica
617 1108 847 1153 canterii
878 1106 946 1164 (h.
979 1120 1018 1150 e.
1044 1108 1142 1163 equi
1167 1105 1356 1164 castrati)
1384 1112 1560 1153 costes
1588 1110 1859 1165 gravitate
1890 1090 2172 1165 premebat.
2202 1133 2282 1162 —,

217 1204 342 1247 docet
355 1203 484 1258 ipsius
515 1206 634 1258 poeta
653 1213 778 1254 usus,
809 1214 846 1244 v.
878 1201 963 1246 Sat.
991 1200 1023 1253 1,
1054 1200 1096 1253 9,
1126 1200 1219 1254 69.,
1248 1201 1381 1245 firmat
1413 1200 1591 1258 denique
1605 1202 2004 1257 interpretamentum
2034 1203 2277 1247 scholiastae
2311 1203 2434 1260 Cruq.

215 1279 379 1322 caude
410 1282 571 1330 curta,
601 1278 671 1333 qui
699 1278 881 1333 ignarus,
911 1282 955 1318 ut
984 1277 1115 1320 omnia
1152 1277 1380 1331 antiquitas,
1408 1277 1639 1333 Anglorum
1669 1278 1808 1320 moris
1825 1279 1963 1321 crines
1993 1277 2149 1321 candae
2178 1278 2440 1334 praecidendi

214 1355 383 1397 cauda
411 1368 462 1397 ea
492 1356 531 1396 vi
562 1355 671 1406 dicit,
703 1367 783 1409 qua
805 1354 846 1395 in
868 1352 1024 1395 Horatii
1055 1352 1190 1396 Satiris
1217 1353 1368 1408 passim
1396 1353 1611 1408 reperitur.
1637 1367 1678 1396 v.
1706 1353 1788 1397 Set.
1817 1353 1848 1407 1,
1879 1354 1921 1407 2,
1948 1354 2020 1398 45.
2051 1353 2099 1406 11,
2129 1353 2171 1406 7,
2201 1353 2273 1396 49.
2302 1355 2438 1410 itaque

212 1436 256 1472 ut
282 1431 388 1473 ratio
420 1443 630 1487 causaque
659 1431 710 1472 sit
738 1430 778 1471 in
809 1430 1010 1481 obscuro,
1050 1442 1149 1472 usus
1187 1430 1276 1484 ipse
1315 1428 1513 1473 mulorum
1549 1428 1856 1473 castrandorum
1896 1436 2048 1474 certus.
2106 1442 2231 1485 porro
2269 1442 2438 1485 puerum

211 1507 401 1550 Horatius
430 1518 571 1548 secum
601 1505 799 1558 ducebat,
828 1518 951 1561 quum
981 1517 1100 1548 mane
1129 1517 1204 1560 per
1233 1505 1375 1547 urbem
1405 1509 1636 1561 vagaretur.
1666 1519 1705 1549 v.
1736 1506 1817 1568 δεῖ.
1846 1505 1887 1558 1,
1918 1505 1968 1558 9,
1995 1505 2160 1550 8—11:

1185 1597 1383 1641 Misere
1413 1596 1700 1640 discedere
1730 1604 2021 1652 quaerens)

630 1675 710 1718 lre
740 1674 894 1718 modo
926 1675 1100 1726 ocius,
1130 1673 1398 1716 interdum
1428 1674 1764 1726 consistere,
1793 1674 1843 1716 in
1873 1685 2051 1717 aurem

628 1749 828 1793 Dicere
858 1749 1046 1793 nescio
1078 1748 1207 1805 quid
1236 1760 1425 1804 puero,
1456 1760 1565 1791 cum
1595 1748 1760 1794 sudor
1790 1748 1854 1791 ad
1883 1749 2012 1792 imos

627 1825 859 1868 Manaret
887 1824 1042 1868 talos.
1072 1848 1144 1868 —.

208 1932 345 1986 itaque
365 1935 512 1972 etcum
528 1932 692 1985 vesperi
708 1930 841 1973 forum
858 1930 1061 1973 olitorium
1077 1941 1313 1984 peremne,
1327 1930 1368 1972 in
1383 1941 1496 1972 usum
1510 1930 1695 1973 instantis
1713 1941 1872 1974 coense
1902 1943 1943 1972 v.
1959 1929 2040 1973 sa.
2055 1929 2087 1982 1,
2106 1930 2147 1982 6,
2179 1929 2431 1973 iis-¹15:

1182 2033 1306 2078 inde
1339 2034 1532 2078 domum
1562 2022 1670 2077 me'

629 2111 705 2154 Ad
735 2112 889 2166 porri
919 2115 970 2153 et
1001 2110 1203 2153 ciceris
1233 2109 1421 2153 resero
1450 2109 1742 2166 laganique
1774 2111 2094 2163 catinum;—,

205 2229 313 2269 non,
360 2222 407 2260 ut
448 2216 556 2260 falso
599 2216 760 2271 pudore
802 2216 961 2270 abrepti
1004 2213 1217 2265 simulant,
1261 2214 1315 2256 ob
1359 2215 1522 2257 inanem
1567 2213 1798 2258 sciscitandi
1842 2212 2073 2269 cupidinem
2119 2218 2431 2269 percontaretur

206 2294 290 2338 Sat.
319 2292 359 2346 1,
389 2292 438 2345 6,
470 2291 577 2336 112:
610 2291 793 2348 quanti
822 2290 941 2334 olus
972 2303 1029 2332 ac
1058 2288 1161 2340 far,
1199 2301 1302 2343 puer
1330 2293 1497 2343 praesto
1525 2293 1635 2343 erat,
1677 2289 1747 2345 qui
1777 2293 1966 2345 coempta
1996 2286 2157 2333 domum
2185 2292 2429 2345 asportaret·

203 2383 296 2413 nam
326 2368 474 2411 solus
504 2365 599 2411 ibid.
631 2380 669 2408 v.
701 2365 808 2411 ¹1¹:

1180 2458 1505 2514 Quacunque
1535 2455 1701 2500 libido
1733 2462 1837 2509 est,

620 2535 819 2579 Incede
850 2535 1021 2585 solus3
1052 2557 1105 2564 —

202 2634 436 2690 oppositum
466 2636 530 2675 est
560 2630 698 2675 verbis
727 2629 850 2686 paulo
880 2640 1002 2683 supra
1032 2641 1072 2669 v.
1105 2625 1355 2672 101—103:

1176 2718 1454 2764 ducendus
1483 2722 1536 2761 et
1563 2729 1695 2762 unus

616 2801 677 2844 Et
706 2813 889 2845 comes
920 2800 1085 2853 alter,
1115 2797 1284 2842 utine
1315 2794 1466 2840 solus
1497 2806 1657 2839 rusve
1686 2806 1998 2853 peregreve

614 2877 843 2929 Exirem;
874 2897 952 2930 ·-‚
