2680 3633
1342 219 1417 275 ,Β
1469 220 1489 259 „-
1544 218 1547 220 ·

530 358 663 411 Quid
693 358 789 403 tibi
814 360 924 411 vis,
952 359 1169 413 insane,
1200 363 1253 403 et
1281 349 2285 426 qun*retegens-“susannense9212-
2364 363 2404 399 ἢ
2464 392 2469 398 s

533 434 700 479 iratis
727 432 1010 491 precibus,
1033 435 1099 478 tu‘
1118 431 1310 491 pulses
1336 438 1500 493 enne
1518 426 1933 492 querebam&
1971 467 1975 470 -
2045 438 2048 440 ’

533 509 615 554 Ad
644 509 1012 554 Maecenatem
1041 509 1257 554 memori
1281 509 1332 554 ai
1357 513 1533 556 mente
1560 520 1834 556 recurras.
1856 520 1867 563 j

532 584 642 629 Hoc
671 584 816 630 iuvat
845 587 896 629 et
924 582 1208 638 insilient,
1235 592 1344 629 nou
1371 583 1619 632 mentiar.
1671 584 1917 647 At‘simnl
1945 589 2094 633 atras

527 660 751 706 Ventum
781 663 866 706 est
893 657 1194 716 Esquilias,
1220 658 1402 704 aliena
1426 660 1657 720 negotia
1683 666 1905 710 centum

530 737 628 780 Per
655 741 817 793 caput
842 740 898 780 et
922 736 1076 779 circa
1101 735 1310 780 saliunt
1334 733 1495 783 latu.
1545 736 1693 784 ,Ana
1717 738 2011 795 seon-dam

530 813 762 857 Roscius
788 811 982 856 orabat
1006 811 1112 856 sibi
1140 810 1368 857 adesses
1396 810 1456 856 ad
1482 810 1679 859 Puteal
1706 824 1841 859 cras.

531 888 601 932 De
631 899 689 930 re
716 888 978 931 communi
1005 886 1230 931 scribae
1258 897 1444 945 magna
1472 878 1641 946 atque
1669 892 1890 941 novate

532 963 775 1006 Orabant
803 962 965 1006 bodie
994 962 1360 1015 meminisses,
1391 961 1609 1031 Quinte,
1638 964 1864 1013 reverti.

529 1040 795 1096 lmprimat
823 1039 928 1091 bis,
957 1050 1107 1089 cura,
1137 1029 1425 1094 Maecenas
1453 1039 1609 1096 signa
1636 1039 1867 1089 tabellis.

528 1115 770 1167 Dixeris,
801 1114 1090 1170 Experiar3
1119 1114 1170 1158 Si
1200 1114 1303 1166 vis,
1331 1118 1508 1170 potes,
1537 1114 1686 1158 addit
1716 1120 1766 1159 et
1793 1116 1969 1160 instat
1999 1140 2075 1150 —·

384 1321 436 1362 Ut
465 1322 504 1360 in
534 1331 681 1375 magna
713 1321 995 1373 quaestionum
1025 1318 1143 1373 copia
1173 1322 1213 1360 et
1242 1319 1439 1361 varietate
1467 1318 1653 1375 singulos
1685 1315 1831 1363 versus
1861 1320 2006 1363 ordine
2034 1333 2110 1365 suo
2142 1324 2355 1367 enarrabo.

246 1452 284 1480 v.
318 1435 514 1480 itt-17:
554 1435 693 1493 Ergo
724 1436 810 1479 ubi
840 1448 916 1478 me
946 1436 996 1477 in
1025 1439 1229 1478 montes
1259 1439 1310 1477 et
1338 1435 1389 1478 in
1418 1435 1594 1479 arcem
1623 1448 1689 1480 ex
1716 1436 1844 1480 urbe
1874 1438 2099 1490 removi,

554 1512 684 1560 Quid
716 1512 863 1567 prius
891 1511 1166 1553 illustrem
1198 1511 1389 1553 satiris
1418 1510 1674 1576 Musaque
1702 1512 1980 1567 pedestri?
2009 1535 2077 1545 -—-·

245 1630 365 1679 Quod
396 1631 451 1672 ait
481 1629 559 1671 hoc
587 1633 674 1671 est:
707 1629 831 1684 igitur
860 1629 1076 1682 impetrato
1093 1631 1192 1669 voto
1222 1631 1267 1669 ut
1297 1627 1441 1669 urbem
1471 1640 1561 1671 cum
1590 1628 1698 1671 valle
1714 1627 1859 1671 Sabina
1889 1633 2122 1683 permutare
2149 1629 2283 1683 liceat,
2299 1631 2351 1673 cf.
2368 1646 2404 1674 v.
2423 1631 2472 1681 4;

1224 1741 1367 1785 Bene
1399 1748 1490 1786 est,
1549 1742 1633 1785 Nil
1663 1723 1884 1798 amplius
1916 1756 2012 1786 oro
2053 1766 2134 1796 -,

243 1864 320 1906 iam
358 1866 518 1916 tempus
562 1864 627 1903 est
672 1857 896 1910 statuendi,
927 1857 1022 1912 quid
1057 1858 1237 1913 inprimis
1275 1859 1438 1901 satirico
1470 1870 1663 1902 sermone
1698 1863 1743 1901 ut
1780 1871 1927 1902 vanum
1958 1863 1998 1900 et
2026 1859 2144 1902 inane
2175 1860 2471 1914 sapientissimo

241 1939 392 1993 cuique
436 1934 779 1978 contemnendum
824 1934 1115 1976 demonstrem.
1173 1933 1276 1976 haec
1321 1934 1428 1976 enim
1456 1934 1573 1976 verbi
1614 1933 1886 1977 illustrem
1910 1935 2065 1977 ironica
2109 1935 2193 1988 vis,
2239 1948 2322 1979 non
2350 1949 2472 1992 quam

244 2011 423 2068 primarii
446 2011 637 2054 satir-icae
668 2006 810 2052 Musae
840 2008 1018 2052 muneris
1050 2008 1162 2050 obliti
1185 2008 1307 2064 vulgo
1329 2013 1528 2052 statuuntz
1560 2008 1706 2052 velut
1733 2009 1918 2052 bonum
1946 2010 2277 2064 praedicem.
2337 2011 2471 2055 villam

244 2091 389 2143 argute
421 2098 594 2129 arcem
623 2089 771 2137 vocat,
802 2084 897 2139 quia
927 2084 966 2126 in
996 2083 1200 2127 montibus
1230 2084 1319 2137 sita,
1348 2097 1387 2127 v.
1417 2082 1541 2139 Epist.
1573 2082 1631 2136 11,
1665 2083 1705 2137 1,
1733 2083 1988 2130 250—2532

1209 2216 1315 2260 Nec
1343 2230 1624 2262 sermones
1654 2229 1753 2273 ego
1784 2217 1991 2261 mallem

661 2307 936 2362 Repentes
965 2319 1065 2361 per
1095 2305 1297 2348 humum
1327 2319 1476 2360 quam
1504 2319 1596 2350 res
1627 2317 1945 2361 componere
1974 2310 2164 2361 gestas

662 2383 1054 2436 Terrarumque
1085 2383 1229 2424 situs
1259 2385 1311 2424 et
1341 2380 1569 2424 flumina
1599 2381 1790 2439 dicere
1818 2386 1868 2424 et
1896 2393 2056 2424 arces

663 2458 927 2500 Montibus
956 2458 1239 2511 impositas
1272 2479 1351 2509 —‚

243 2585 432 2633 tanquam
462 2573 814 2631 propugnaculum
846 2573 916 2615 otii
945 2572 1127 2614 inimicos
1156 2577 1271 2615 arcet
1301 2577 1343 2616 et
1374 2573 1577 2626 defendit,
1621 2575 1725 2617 sicut
1753 2586 1850 2617 mox
1877 2585 1965 2617 mus
1994 2574 2193 2635 agrestis,
2236 2574 2311 2617 sub
2355 2573 2467 2617 cuius

243 2667 421 2711 persona
452 2656 593 2707 aperte
624 2654 741 2705 poeta
772 2647 868 2704 quid
894 2648 988 2703 ipse
1028 2648 1176 2691 sentiat
1218 2653 1342 2703 atque
1386 2653 1581 2704 expertus
1623 2649 1676 2691 sit
1717 2653 1874 2701 narrat,
1919 2661 2063 2691 cavum
2109 2650 2151 2691 in
2189 2650 2468 2704 praerupti

243 2729 476 2774 nemoris
508 2727 665 2770 dorso
695 2731 887 2780 tanquam
916 2722 1271 2779 inexpugnabilem
1302 2735 1438 2767 arcem
1467 2722 1653 2768 laudibus
1683 2723 1840 2767 attollit.
1870 2722 1923 2766 cf.
1952 2736 1991 2767 v.
2013 2721 2258 2770 116-1172

1356 2846 1432 2877 me
1462 2834 1596 2877 silva
1626 2845 1901 2890 cavusque

730 2928 879 2967 tutus
907 2923 969 2967 ab
1000 2922 1219 2967 insi-diis
1249 2923 1400 2967 tenui
1423 2922 1700 2967 solabitur
1730 2935 1857 2967 ervo
1889 2943 1966 2954 —·
