2680 3633
1250 143 1327 198 Ἠ

189 285 313 409 κοΐ
354 332 402 342 ,ἦ
420 273 654 335 m
695 275 962 343 ffliffl
964 275 1757 338 mmmm-eodm
1762 279 1972 329 nomin·-
2001 278 2393 336 quidquamaciic?

349 333 447 362 ‘⁴
451 348 630 401 silente
634 353 891 422 w
912 352 1348 408 &mm
1365 355 1510 406 mii-or.
1564 353 1740 405 ineunt
1763 368 1804 399 v
1817 353 1863 404 ⁸1
1893 359 2038 411 aquam
2074 355 2170 398 Fori
2197 355 2320 412 Appii
2348 359 2394 399 ut

177 426 409 492 m
450 432 663 477 noxiam..-
681 428 921 489 'fii-‚v
918 430 1037 481 88
1071 428 1233 483 batos
1235 429 1429 488 oppiduli
1456 442 1716 491 versum
1750 430 2393 488 dioeniliatparciusfluentes.

177 510 308 564 Μ
322 506 464 560 raian
490 521 532 551 v.
559 506 612 551 91
645 506 777 563 aque
806 501 1037 552 cam
1059 498 1276 556 ebiom-
1333 506 1430 563 qnid
1466 517 1592 565 orgo
1612 517 1761 556 causae
1787 506 1923 565 quod
1931 505 2219 564 Egnaticnsem
2248 520 2394 564 aquam

175 578 400 629 ornianus
428 582 585 650 crimen
611 582 743 638 ipsum
761 591 857 626 non
875 581 1002 636 edat,
1044 581 1126 628 sed
1163 581 1387 627 abiunctis
1417 583 1569 627 verbis
1610 582 1723 630 dum
1767 583 1974 626 flamma
2017 583 2135 625 sine
2163 606 2221 616 --
2250 585 2395 639 cupit

187 658 241 702 ad
281 657 358 701 alm
399 652 536 701 omnia
567 641 828 704 ᾱεὶεὺωὲἲ
872 660 969 701 nan
1004 658 1126 701 huno
1155 669 1298 701 eorum
1325 657 1519 715 effugium
1546 659 1617 714 qm
1643 663 1804 714 turpem
1835 670 1973 713 aquae
2003 659 2212 714 penuriam
2251 663 2293 701 et
2330 660 2393 701 ia-

174 736 318 776 ›etatos
347 730 507 777 divinos
534 731 653 788 ignes
677 730 1306 795 oppositioiisqaodamyiaffllo
1321 732 1430 780 inter
1455 743 1506 776 se
1533 744 1721 779 connexa
1748 733 1913 781 dicunt„
1938 733 2156 789 probarem
2172 733 2250 774 hac
2264 733 2391 774 fama:

174 807 337 864 -apertis
380 806 581 850 montibus
624 810 845 850 terrestres
879 807 959 850 vel·
981 808 1109 862 ruptis
1148 808 1319 850 nubibus
1346 807 1552 855 coelestes
1578 820 1707 862 aquas
1736 820 1820 850 non
1848 809 1937 850 sine
1962 808 2135 850 deornm
2166 819 2246 861 ope
2275 806 2393 849 labo-

186 882 366 925 rantibus
380 882 645 937 suppedit-rit
675 887 716 925 at
742 883 917 938 igniet
936 881 1039 926 turi
1060 883 1156 937 qnid
1176 895 1269 925 cum
1284 884 1502 926 sitientium
1526 882 1784 926 calamitate?
1814 907 1870 915 -
1899 882 2118 937 simplicior
2137 882 2280 925 hercle
2296 882 2394 925 nodi

177 955 372 1001 :solvendi
410 956 529 1002 ratio.
587 955 745 1015 scilicet
786 955 994 1014 Lymphae
1037 957 1247 1015 aliquunde
1289 958 1396 1001 inter
1422 969 1555 1017 aquae
1581 957 1814 1016 largitores.
1843 970 1884 1001 v.
1915 957 2140 1000 Varronem
2169 957 2277 1013 apud
2306 957 2395 998 Au-

178 1033 336 1090 ·gustin.
364 1020 417 1077 de
448 1030 563 1077 civit.
592 1031 671 1076 Dei
697 1031 775 1087 IV,
804 1031 883 1076 22:
929 1045 995 1076 ex
1023 1045 1088 1078 eo
1129 1034 1263 1078 enim
1294 1023 1598 1090 'poterimus
1636 1034 1802 1086 scire,
1846 1045 1993 1088 quem
2023 1034 2282 1089 cuiusque
2311 1034 2395 1074 rei

186 1121 340 1152 cansa
370 1108 522 1153 deum
549 1107 814 1154 advocare
845 1112 897 1153 et
923 1109 1179 1154 invocare
1209 1108 1521 1164 debeamus,
1549 1120 1613 1152 ne
1642 1109 1922 1162 iaciamus,
1949 1113 2004 1151 ut
2031 1107 2169 1151 Mimi
2199 1109 2393 1159 solent,

185 1189 238 1227 et
267 1189 506 1240 optemus
542 1197 565 1227 a
593 1184 789 1228 Libero
819 1197 1021 1241 aquam,
1063 1198 1086 1229 a
1114 1184 1358 1243 Lymphis
1385 1186 1576 1229 vinum.
1634 1185 1708 1229 sed
1737 1186 1860 1227 multo
1890 1186 2053 1240 saepius
2082 1186 2134 1227 ob
2166 1190 2393 1239 exemptam

183 1272 321 1303 sanam
371 1265 547 1303 mentem
602 1264 645 1303 et
690 1259 877 1304 iniectam
928 1261 1109 1305 insanam
1163 1261 1534 1305 consternationem
1586 1260 1812 1304 laudantur.
1861 1275 1900 1303 v.
1945 1260 2078 1304 Festa
2129 1261 2198 1316 Ly
2211 1260 2392 1315 mphae

174 1332 360 1379 dictae
402 1339 578 1379 sunta
607 1334 863 1391 nymphis.
919 1336 1085 1394 vulgo
1130 1341 1299 1379 autem
1341 1337 1634 1379 memoriae
1663 1337 1927 1392 proditum
1959 1340 2053 1386 est,
2101 1337 2391 1388 quicunque

184 1411 415 1465 speciem
446 1409 703 1466 quandam
733 1422 757 1453 e
786 1409 962 1465 fonte,
992 1411 1044 1454 id
1074 1416 1156 1455 est
1188 1411 1435 1468 effigiem
1465 1412 1729 1468 nymphae
1759 1412 2014 1459 viderint,
2045 1411 2259 1452 furendi
2288 1423 2392 1452 non

183 1483 390 1529 fecisse
420 1483 594 1530 finem.
653 1484 763 1529 unde
806 1485 1063 1543 lymphati
1091 1498 1167 1530 seu
1195 1487 1510 1543 lymphatici
1540 1487 1723 1529 dicuntur
1753 1488 1823 1553 qui
1851 1498 1956 1527 vano
1986 1491 2150 1528 terrore
2180 1487 2392 1527 insaniunt.

182 1573 222 1602 v.
254 1558 331 1605 Od.
361 1558 402 1612 l,
432 1557 511 1612 37,
545 1559 738 1604 14—1'1:

595 1665 934 1722 Montemque
964 1666 1274 1724 lymphatam
1304 1667 1600 1711 Mareotico

664 1741 897 1799 Redegit
925 1743 973 1786 in
1003 1755 1166 1792 veros
1195 1743 1415 1786 timores

734 1817 933 1861 Caesar
963 1819 1022 1861 ab
1052 1818 1210 1861 ltalia
1240 1819 1505 1862 volantem

592 1892 768 1936 Remis
796 1893 1089 1950 adurgens.

180 1982 384 2036 Liv.V11‚
432 1984 507 2028 1⁷:
552 1986 680 2029 inde
709 1992 898 2030 terror
940 1989 1190 2032 maximus
1233 1988 1355 2042 fnit,
1399 1988 1536 2044 quod
1566 1989 1893 2032 sacerdotes
1921 1987 2135 2039 'eorum,
2180 1986 2389 2029 facibus

181 2057 501 2103 ardentibus
539 2063 914 2118 anguibusque
958 2064 1252 2118 praelatis,
1297 2066 1520 2107 incessu
1548 2063 1734 2107 furiali
1763 2064 1979 2107 militem
2007 2063 2284 2106 Romanum
2314 2064 2388 2104 in-

180 2135 709 2179 sueta‘turbaverunt
736 2139 949 2194 specie:
981 2143 1032 2181 et
1061 2143 1179 2182 tunc
1209 2138 1415 2194 quidem
1444 2139 1588 2182 velut
1618 2139 1880 2195 lymphati
1911 2144 1962 2181 et
1990 2139 2205 2181 attoniti
2230 2139 2389 2180 muni-

180 2209 372 2251 mentis
402 2210 513 2253 suis
542 2213 765 2267 trepido
796 2215 1003 2270 agmine
1034 2214 1360 2260 inciderunt.
1418 2215 1518 2257 Plin.
1548 2213 1682 2266 XXV,
1715 2216 1761 2267 5,
1802 2215 1877 2258 24:
1917 2214 2254 2256 helleborum
2284 2227 2387 2255 me-

179 2281 331 2324 detur
373 2284 805 2341 melancholicis,
854 2290 1275 2341 insanientibuS,
1324 2290 1683 2344 lymphaticis·
1762 2289 1995 2343 superstitio
2043 2294 2174 2331 autem
2223 2290 2386 2331 insanus

177 2356 344 2400 deorum
373 2360 502 2402 timor.
534 2375 571 2404 v.
604 2363 685 2405 Sat.
713 2364 758 2416 11,
788 2364 831 2416 3,
861 2365 1115 2409 281—295:

587 2465 895 2512 Libertinus
926 2474 1058 2522 erat,
1089 2470 1173 2525 qui
1205 2453 1657 2524 circumcompita
1692 2469 1863 2511 siccus

588 2540 765 2586 Lautis
795 2556 944 2586 mane
975 2557 1137 2588 senex
1166 2545 1407 2588 manibus
1437 2545 1693 2588 currebat
1723 2549 1792 2596 et,
1822 2544 2000 2596 Unum,

587 2615 834 2667 Quiddam
863 2633 1097 2677 magnum
1128 2620 1341 2675 addens,
1371 2634 1521 2665 unum
1550 2635 1626 2664 me
1655 2621 1865 2675 surpite
1896 2621 2074 2672 morti,

584 2692 672 2736 Dis
702 2697 900 2739 etenim
931 2696 1101 2739 facile
1132 2702 1235 2746 est,
1264 2699 1478 2752 orabat-3
1507 2710 1671 2741 sanus
1701 2698 1949 2752 utrisque

583 2768 820 2813 Auribus
851 2777 1008 2828 atque
1039 2773 1237 2825 oculis;
1268 2779 1489 2817 mentem
1519 2775 1620 2816 nisi
1649 2774 1949 2830 litigiosus,

583 2843 876 2900 Exciperet
906 2849 1166 2902 dominus,
1197 2861 1310 2892 cu‘m
1339 2849 1613 2892 venderet.
1671 2850 1772 2892 Hoc
1803 2861 2013 2904 quoqu-e
2040 2847 2238 2903 volgus
